    @BOOK{lilaKari,
      author =       "Lila Kari",
      title =        "On Insertion and Deletion in Formal Languages",
      publisher =    "TODO",
      year =         "1999",
      isbn =         "TODO",
    }

   @MISC{lodash,
      author =       "John-David Dalton and aj.",
      title =        "{\it Lodash}",
      year =         "2018",
      month =        Apr,
      day =        	 24,
      url =          "https://lodash.com/",
      note =         "[Online; verze 4.17.10 a vyšší; navštíveno 03.05.2018]"
   }

@MISC{Flow,
	author =       "Facebook",
	title =        "{\it Flow}",
	year =         "2018",
	month =        Apr,
	day =        	 27,
	url =          "https://flow.org/",
	note =         "[Online; navštíveno 03.05.2018]"
}


@MISC{flow-bin,
	author =       "Facebook",
	title =        "{\it flow-bin}",
	year =         "2018",
	month =        Apr,
	day =        	 27,
	url =          "https://github.com/flowtype/flow-bin",
	note =         "[Online; verze 0.71.0 a vyšší; navštíveno 03.05.2018]"
}

@MISC{Babel,
	author =       "{Tým Babel}",
	title =        "{\it Babel}",
	year =         "2018",
	month =        Apr,
	day =        	 27,
	url =          "https://flow.org/",
	note =         "[Online; verze 6.26.3; navštíveno 03.05.2018]"
}

@book{EcmaScript6,
	author = {{ECMA International}},
	keywords = {ECMA JavaScript Specification Standard},
	month = Jun,
	title = {Standard ECMA-262 - 6th Edition},
	url = {https://www.ecma-international.org/ecma-262/6.0/},
	year = 2015
}

@MISC{babel-cli,
	author =       "{Tým Babel}",
	title =        "{\it babel-cli}",
	year =         "2017",
	month =        "{Říjen}",
	url =          "https://github.com/babel/babel/tree/master/packages/babel-cli",
	note =         "[Online; verze 6.26.0; navštíveno 03.05.2018]"
}

@MISC{babel-register-cli,
author =       "{Tým Babel}",
title =        "{\it babel-register-cli}",
year =         "2017",
month =        "{Srpen}",
url =          "https://github.com/babel/babel/tree/master/packages/babel-cli",
note =         "[Online; verze 5.0.0; navštíveno 03.05.2018]"
}

@MISC{babel-plugin-transform-object-rest-spread,
author =       "{Tým Babel}",
title =        "{\it babel-plugin-transform-object-rest-spread}",
year =         "2017",
month =        "{Říjen}",
url =         "https://www.npmjs.com/package/babel-plugin-transform-object-rest-spread",
note =         "[Online; verze 6.26.0; navštíveno 03.05.2018]"
}


@MISC{babel-preset-es2015,
	author =       "{Tým Babel}",
	title =        "{\it babel-preset-es2015}",
	year =         "2017",
	month =        "{Říjen}",
	url =         "https://github.com/babel/babel/tree/master/packages/babel-preset-es2015",
	note =         "[Online; verze 6.26.0; navštíveno 03.05.2018]"
}


@MISC{babel-preset-flow,
	author =       "{Tým Babel}",
	title =        "{\it babel-preset-flow}",
	year =         "2017",
	month =        "{Říjen}",
	url =         "https://github.com/babel/babel/tree/master/packages/babel-preset-flow",
	note =         "[Online; verze 6.23.0; navštíveno 03.05.2018]"
}


@MISC{ava,
	author =       "Mark Wubben and Sindre Sorhus and Vadim Demedes",
	title =        "{\it AVA}",
	year =         "2017",
	month =        "{Duben}",
	url =         "https://github.com/avajs/ava",
	note =         "[Online; verze 1.0.0-beta.3; navštíveno 03.05.2018]"
}


@MISC{instambul,
	author =       "{Istanbuljs tým}",
	title =        "{\it Istanbul}",
	year =         "2018",
	month =        "Apr",
	url =         "https://istanbul.js.org/,
	note =         "[Online; navštíveno 03.05.2018]"
}

@MISC{nyc,
	author =       "{Istanbuljs tým}",
	title =        "{\it nyc}",
	year =         "2018",
	month =        "Apr",
	url =         "https://github.com/istanbuljs/nyc/",
	note =         "[Online; verze 11.7.1 a vyšší ; navštíveno 03.05.2018]"
}